@misc{ wiki:linuxns,
  author = {{Linux namespaces}},
  title = "Linux namespaces --- {W}ikipedia{,} The Free Encyclopedia",
  year = "2002",
  url = "https://en.wikipedia.org/wiki/Linux_namespaces",
  note = "[Online; accessed 29-October-2019]"
}

@misc{ docker,
    author = {{Docker inc.}},
    title = "Docker",
    year = "2019",
    url = "www.docker.com"
}

@misc{ openstreetmap,
  author = {{OpenStreetMap community}},
  title = "Open Street Map",
  year = "2019",
  url = "www.openstreetmap.org"
}

@misc{ graphhopper,
  author = {{GraphHopper community}},
  title = "GraphHopper",
  year = "2019",
  url = "www.graphhopper.com"
}