@misc{ wiki:linuxns,
  author = {{Linux namespaces}},
  title = "Linux namespaces --- {W}ikipedia{,} The Free Encyclopedia",
  year = "2002",
  url = "https://en.wikipedia.org/wiki/Linux_namespaces",
  note = "[Online; accessed 29-October-2019]"
}

@misc{ docker,
    author = {{Docker inc.}},
    title = "Docker",
    year = "2019",
    url = "www.docker.com"
}

@misc{ Kubernetes,
    author = {{Cloud Native Computing Foundation}},
    title = "Kubernetes",
    year = "2019",
    url = "www.kubernetes.io"
}

@misc{ openstreetmap,
  author = {{OpenStreetMap community}},
  title = "Open Street Map",
  year = "2019",
  url = "www.openstreetmap.org"
}

@misc{ graphhopper,
  author = {{GraphHopper community}},
  title = "GraphHopper",
  year = "2019",
  url = "www.graphhopper.com"
}

@misc{ etcd,
  author = {{etcd community}},
  title = "etcd",
  year = "2019",
  url = "www.etcd.io"
}

@ARTICLE{7922500,
  author={C. {Pahl} and A. {Brogi} and J. {Soldani} and P. {Jamshidi}},
  journal={IEEE Transactions on Cloud Computing},
  title={Cloud Container Technologies: A State-of-the-Art Review},
  year={2019},
  volume={7},
  number={3},
  pages={677-692},
  keywords={cloud computing;cluster computing;virtual machines;virtualisation;cloud container technologies;lightweight technology;systematic mapping study;container orchestration space;cloud context;microservices development;continuous development;Containers;Cloud computing;Systematics;Computer architecture;Protocols;Data mining;Market research;Cloud;container;container technologies;orchestration;cluster;systematic review},
  doi={10.1109/TCC.2017.2702586},
  ISSN={},
  month={July},
}

@article{burns2016borg,
  title={Borg, omega, and kubernetes},
  author={Burns, Brendan and Grant, Brian and Oppenheimer, David and Brewer, Eric and Wilkes, John},
  year={2016}
}

@article{microservicestrafficsimulation,
  title={A Microservices based Approach for City Traffic Simulation},
  author={Becea, Valean},
  year={2020}
}

@ARTICLE{7036275,
author={D. {Bernstein}},
journal={IEEE Cloud Computing},
title={Containers and Cloud: From LXC to Docker to Kubernetes},
year={2014},
volume={1},
number={3},
pages={81-84},
keywords={Containers;Cloud computing;Virtual machine monitors;Linux;Home appliances;Google;Runtime;cloud;dockers;containers;virtual machines},
doi={10.1109/MCC.2014.51},
ISSN={},
month={Sep.},
}

@book{hightower2017kubernetes,
  title={Kubernetes: up and running: dive into the future of infrastructure},
  author={Hightower, Kelsey and Burns, Brendan and Beda, Joe},
  year={2017},
  publisher={" O'Reilly Media, Inc."}
}

@article{jogalekar2000evaluating,
  title={Evaluating the scalability of distributed systems},
  author={Jogalekar, Prasad and Woodside, Murray},
  journal={IEEE Transactions on parallel and distributed systems},
  volume={11},
  number={6},
  pages={589--603},
  year={2000},
  publisher={IEEE}
}

@misc{risley2001domain,
  title={Domain name system lookup allowing intelligent correction of searches and presentation of auxiliary information},
  author={Risley, Chris and Lamb, Richard and Guzovsky, Eduard},
  year={2001},
  month=dec # "~18",
  publisher={Google Patents},
  note={US Patent 6,332,158}
}

@misc{swildens2006scalable,
  title={Scalable domain name system with persistence and load balancing},
  author={Swildens, Eric Sven-Johan and Day, Richard David and Garg, Vikas},
  year={2006},
  month=apr # "~18",
  publisher={Google Patents},
  note={US Patent 7,032,010}
}

@article{6847479,
author={C. {Liu} and M. {Shie} and Y. {Lee} and Y. {Lin} and K. {Lai}},
booktitle={2014 International Conference on Information Science Applications (ICISA)},
title={Vertical/Horizontal Resource Scaling Mechanism for Federated Clouds},
year={2014},
volume={},
number={},
pages={1-4},
keywords={Big Data;cloud computing;resource allocation;virtual machines;virtualisation;vertical/horizontal resource scaling mechanism;federated clouds;big data computing;cloud system;hardware resource;software resource;virtualization technology;system performance;single virtual machine;resource allocation;vertical scaling;horizontal scaling;vertical-scaling system;physics machine utilization;vertical- scaling system;communication latency problem;cost efficiency;cloud computing capability;NAS parallel benchmarks;cloud reduce communication overhead;resource utilization;Cloud computing;Virtual machining;Virtualization;Throughput;Computer architecture;Hardware;Elasticity},
doi={10.1109/ICISA.2014.6847479},
ISSN={},
month={May},}

@article{8509417,
author={A. {Naskos} and A. {Gounaris} and I. {Konstantinou}},
booktitle={2018 IEEE 34th International Conference on Data Engineering (ICDE)},
title={Elton: A Cloud Resource Scaling-Out Manager for NoSQL Databases},
year={2018},
volume={},
number={},
pages={1641-1644},
keywords={cloud computing;decision making;formal verification;Markov processes;NoSQL databases;probability;cloud resource scaling-out manager;NoSQL databases;Elton tool;publicly available cloud resource elasticity management system;Ganetimgr web platform;web interface;horizontal scaling;Markov Decision Processes;what-if analysis queries;probabilistic model checking;Elasticity;Cloud computing;Monitoring;NoSQL databases;Decision making;Model checking;Load modeling;elasticity;cloud;NoSQL;model checking;horizontal scaling},
doi={10.1109/ICDE.2018.00196},
ISSN={},
month={April},}

@book{donovan2015go,
  title={The Go programming language},
  author={Donovan, Alan AA and Kernighan, Brian W},
  year={2015},
  publisher={Addison-Wesley Professional}
}

@article{6973934,
author={C. {Yu} and A. {Liu} and P. {Zhou}},
booktitle={2014 IEEE International Conference on Systems, Man, and Cybernetics (SMC)},
title={A multiagent system for simulating pedestrian-vehicle interaction},
year={2014},
volume={},
number={},
pages={359-364},
keywords={gender issues;multi-agent systems;road traffic control;traffic engineering computing;multiagent system;pedestrian-vehicle interaction simulation;pedestrian protection;traffic light monitoring;age group;gender group;pedestrian reactions;vehicle control;Vehicles;Legged locomotion;Mathematical model;Safety;Delays;Load modeling;Risk management;multiagent system;pedestrian simulation;vehicle simulation;pedestrian-vehicle interaction;traffic lights},
doi={10.1109/SMC.2014.6973934},
ISSN={},
month={Oct},}

@article{7004985,
author={J. {Br√ºgmann} and M. {Schreckenberg} and W. {Luther}},
booktitle={2013 8th EUROSIM Congress on Modelling and Simulation},
title={Real-Time Traffic Information System Using Microscopic Traffic Simulation},
year={2013},
volume={},
number={},
pages={448-453},
keywords={digital simulation;multiprocessing systems;road traffic;traffic information systems;microscopic traffic simulation;real-time traffic information system;OLSIMv4;traffic information platform;large-scale real-world highway network;North Rhine-Westphalia;loop detector data;topological road traffic network information;speed limits;lane closings;lane mergings;overtaking restrictions;multicore machines;thread-level parallelism;coarse-grained parallel simulation model;failure-safety;faulty loop detector data;Vehicles;Detectors;Roads;Microscopy;Data models;Simulation;traffic information system;real-time simulation;microscopic traffic simulation;parallel programming model},
doi={10.1109/EUROSIM.2013.83},
ISSN={},
month={Sep.},}

@article{6205472,
author={P. {Gora}},
booktitle={2012 UKSim 14th International Conference on Computer Modelling and Simulation},
title={Traffic Simulation Framework},
year={2012},
volume={},
number={},
pages={345-349},
keywords={cellular automata;digital simulation;road traffic;software engineering;traffic engineering computing;traffic simulation framework;software engineering;vehicular traffic;cellular automaton;Software;Roads;Cities and towns;Data models;Conferences;Vehicles;Traffic control;Vehicular traffic;traffic simulation;traffic modeling;intelligent systems},
doi={10.1109/UKSim.2012.57},
ISSN={},
month={March},}

@article{nagel-schreckenberg,
author = {Nagel, Kai and Schreckenberg, Michael},
year = {1992},
month = {12},
pages = {2221},
title = {A cellular automaton model for freeway traffic},
volume = {2},
journal = {Journal de Physique I}
}

@INPROCEEDINGS{8569576,
author={A. {Keler} and J. {Kaths} and F. {Chucholowski} and M. {Chucholowski} and G. {Grigoropoulos} and M. {Spangler} and H. {Kaths} and F. {Busch}},
booktitle={2018 21st International Conference on Intelligent Transportation Systems (ITSC)},
title={A bicycle simulator for experiencing microscopic traffic flow simulation in urban environments},
year={2018},
volume={},
number={},
pages={3020-3023},
keywords={bicycles;computer graphics;road traffic;road vehicles;traffic engineering computing;transportation;microscopic traffic flow simulation results;interacting traffic participant;bicycle simulator;realtime bicycle movements;three-dimensional environments;traffic quality;urban transportation infrastructures;Bicycles;Roads;Software;Solid modeling;Microscopy;Urban areas;bicycle simulator;microscopic traffic flow simulation;three-dimensional visualization;bicycle traffic;urban traffic},
doi={10.1109/ITSC.2018.8569576},
ISSN={},
month={Nov},}

@article{6244609,
author={ {Yuehui Yang} and {Yao Lu} and {Limin Jia} and {Yong Qin} and {Honghui Dong}},
booktitle={2012 24th Chinese Control and Decision Conference (CCDC)},
title={Optimized simulation on the intersection traffic control and organization based on combined application of simulation softwares},
year={2012},
volume={},
number={},
pages={3787-3792},
keywords={data analysis;digital simulation;geometric programming;road traffic control;traffic engineering computing;intersection traffic control;intersection traffic organization;simulation softwares;microscopic traffic simulation;simulation optimization;microscopic traffic software;data analysis;VISSIM simulation;Synchro simulation;strategy optimization;geometric optimization;average delay;average queue length;signal timing optimization;Vehicles;Optimization;Roads;Delay;Traffic control;Software;Traffic engineering;Traffic control;VISSIM simulation;Synchro system;Intersection;Organizational optimization},
doi={10.1109/CCDC.2012.6244609},
ISSN={},
month={May},}

@article{SatoshiNakamoto,
author={ Satoshi Nakamoto},
booktitle={Bitcoin: A peer-to-peer electronic cash system},
title={Bitcoin: A peer-to-peer electronic cash system},
year={2012},
volume={},
number={},
keywords={bitcoin},
ISSN={},
month={May},}

@article{DoubleSpend,
author={ {Daniel J. Moroz} and {Daniel J. Aronoff} and {Neha Narula} and {David C. Parkes}},
booktitle={Double-Spend Counterattacks: Threat of Retaliation in Proof-of-Work Systems},
title={Double-Spend Counterattacks: Threat of Retaliation in Proof-of-Work Systems},
year={2020},
howpublished="https://arxiv.org/abs/2002.10736",
volume={},
number={},
keywords={bitcoin},
ISSN={},
month={February},}

@article{MicroservicesCityTrafficSimulation,
author={ {Toma Becea} and {Honoriu Valean} },
booktitle={International Journal of Advanced Computer Science and Applications(IJACSA), 11(2), 2020},
title={A Microservices based Approach for City Traffic Simulation},
year={2020},
volume={},
number={},
keywords={},
doi={http://dx.doi.org/10.14569/IJACSA.2020.0110209},
month={February},}

@article{ApproachesToFrontEnd,
author = {Pusti≈°ek, Matev≈æ and Kos, Andrej},
year = {2018},
month = {01},
pages = {410-419},
title = {Approaches to Front-End IoT Application Development for the Ethereum Blockchain},
volume = {129},
journal = {Procedia Computer Science},
doi = {10.1016/j.procs.2018.03.017}
}

@article{SecureCommunicatingThingsNetworkFramework,
author = {Rathee, Geetanjali and Sharma, Ashutosh and Kumar, Rajiv and Iqbal, Razi},
year = {2019},
month = {06},
pages = {},
title = {A Secure Communicating Things Network Framework for Industrial IoT using Blockchain Technology},
journal = {Ad Hoc Networks},
doi = {10.1016/j.adhoc.2019.101933}
}
